<?xml version="1.0" encoding="UTF-8"?><collection xmlns="http://www.loc.gov/MARC21/slim"><record><leader>00507nam--2200169-i-4500</leader><controlfield tag="001">000029546</controlfield><controlfield tag="002">20161230</controlfield><controlfield tag="005">20161230201037</controlfield><controlfield tag="008">060222s1000------------r-----000-0-eng-d</controlfield><datafield ind1=" " ind2=" " tag="040"><subfield code="a">IFIN-HH</subfield></datafield><datafield ind1=" " ind2=" " tag="080"><subfield code="a">517.8:511</subfield></datafield><datafield ind1="1" ind2=" " tag="100"><subfield code="a">Shimura, Goro</subfield></datafield><datafield ind1="1" ind2="0" tag="245"><subfield code="a">Automorphic functions and number theory</subfield><subfield code="b">Lecture notes in mathematics. vol. 54</subfield><subfield code="c">Goro shimura</subfield></datafield><datafield ind1=" " ind2=" " tag="260"><subfield code="a">Berlin</subfield><subfield code="b">Springer-verlag</subfield><subfield code="c">1968</subfield></datafield><datafield ind1=" " ind2=" " tag="490"><subfield code="a">Lecture Notes In Mathematics</subfield><subfield code="v">Vol. 54</subfield></datafield><datafield ind1=" " ind2=" " tag="852"><subfield code="a">28538</subfield><subfield code="c">519.4/5</subfield></datafield><datafield ind1=" " ind2=" " tag="CAT"><subfield code="a">Sys</subfield><subfield code="c">20130812</subfield><subfield code="h">113835</subfield></datafield></record></collection>